@article{delp2007opensim,
  title = {OpenSim: open-source software to create and analyze dynamic simulations of movement},
  author = {Delp, Scott L and Anderson, Frank C and Arnold, Allison S and Loan, Peter and Habib, Ayman and John, Chand T and Guendelman, Eran and Thelen, Darryl G},
  journal = {IEEE transactions on biomedical engineering},
  volume = {54},
  number = {11},
  pages = {1940--1950},
  year = {2007},
  publisher = {IEEE}
},
@article{heess2016learning,
  title={Learning and Transfer of Modulated Locomotor Controllers},
  author={Heess, Nicolas and Wayne, Greg and Tassa, Yuval and Lillicrap, Timothy and Riedmiller, Martin and Silver, David},
  journal={arXiv preprint arXiv:1610.05182},
  year={2016}
},
@inproceedings{geijtenbeek2012interactive,
  title={Interactive Character Animation Using Simulated Physics: A State-of-the-Art Review},
  author={Geijtenbeek, Thomas and Pronost, Nicolas},
  booktitle={Computer Graphics Forum},
  volume={31},
  number={8},
  pages={2492--2515},
  year={2012},
  organization={Wiley Online Library}
},
@inproceedings{coros2011locomotion,
  title={Locomotion skills for simulated quadrupeds},
  author={Coros, Stelian and Karpathy, Andrej and Jones, Ben and Reveret, Lionel and Van De Panne, Michiel},
  booktitle={ACM Transactions on Graphics (TOG)},
  volume={30},
  number={4},
  pages={59},
  year={2011},
  organization={ACM}
},
@article{wang2012optimizing,
  title={Optimizing locomotion controllers using biologically-based actuators and objectives},
  author={Wang, Jack M and Hamner, Samuel R and Delp, Scott L and Koltun, Vladlen},
  journal={ACM transactions on graphics},
  volume={31},
  number={4},
  year={2012},
  publisher={NIH Public Access}
},
@article{geijtenbeek2013flexible,
  title={Flexible muscle-based locomotion for bipedal creatures},
  author={Geijtenbeek, Thomas and van de Panne, Michiel and van der Stappen, A Frank},
  journal={ACM Transactions on Graphics (TOG)},
  volume={32},
  number={6},
  pages={206},
  year={2013},
  publisher={ACM}
},
@article{peng2016terrain,
  title={Terrain-adaptive locomotion skills using deep reinforcement learning},
  author={Peng, Xue Bin and Berseth, Glen and van de Panne, Michiel},
  journal={ACM Transactions on Graphics (TOG)},
  volume={35},
  number={4},
  pages={81},
  year={2016},
  publisher={ACM}
},
@inproceedings{yin2007simbicon,
  title={Simbicon: Simple biped locomotion control},
  author={Yin, KangKang and Loken, Kevin and van de Panne, Michiel},
  booktitle={ACM Transactions on Graphics (TOG)},
  volume={26},
  number={3},
  pages={105},
  year={2007},
  organization={ACM}
},
@inproceedings{raibert1991animation,
  title={Animation of dynamic legged locomotion},
  author={Raibert, Marc H and Hodgins, Jessica K},
  booktitle={ACM SIGGRAPH Computer Graphics},
  volume={25},
  number={4},
  pages={349--358},
  year={1991},
  organization={ACM}
},
@article{da2008interactive,
  title={Interactive simulation of stylized human locomotion},
  author={da Silva, Marco and Abe, Yeuhi and Popovi{\'c}, Jovan},
  journal={ACM Transactions on Graphics (TOG)},
  volume={27},
  number={3},
  pages={82},
  year={2008},
  publisher={ACM}
},
@inproceedings{ye2010optimal,
  title={Optimal feedback control for character animation using an abstract model},
  author={Ye, Yuting and Liu, C Karen},
  booktitle={ACM Transactions on Graphics (TOG)},
  volume={29},
  number={4},
  pages={74},
  year={2010},
  organization={ACM}
},
@article{abadi2016tensorflow,
  title={Tensorflow: Large-scale machine learning on heterogeneous distributed systems},
  author={Abadi, Mart{\'\i}n and Agarwal, Ashish and Barham, Paul and Brevdo, Eugene and Chen, Zhifeng and Citro, Craig and Corrado, Greg S and Davis, Andy and Dean, Jeffrey and Devin, Matthieu and others},
  journal={arXiv preprint arXiv:1603.04467},
  year={2016}
},
@misc{plappert2016kerasrl,
    author = {Matthias Plappert},
    title = {keras-rl},
    year = {2016},
    publisher = {GitHub},
    journal = {GitHub repository},
    howpublished = {\url{https://github.com/matthiasplappert/keras-rl}},
}
